@misc{chrome_releases,
  title = {Chrome Releases},
  howpublished = {\url{http://googlechromereleases.blogspot.ca/}},
  note = {Accessed: 2015-04-15}
}

@misc{commit_guru,
  title = {Commit Guru},
  howpublished = {\url{http://commit.guru/}},
  note = {Accessed: 2015-04-15}
}

@article{mccabeTSE1976,
	title={A complexity measure},
	author={McCabe, Thomas J},
	journal={Software Engineering, IEEE Transactions on},
	number={4},
	pages={308--320},
	year={1976},
	publisher={IEEE}
}